@article{carr1998towards,
  title={Towards a theory of volatility trading},
  author={Carr, Peter and Madan, Dilip},
  journal={Volatility: New estimation techniques for pricing derivatives},
  volume={29},
  pages={417--427},
  year={1998}
}