@article{carr1998towards,
  title={Towards a theory of volatility trading},
  author={Carr, Peter and Madan, Dilip},
  journal={Volatility: New estimation techniques for pricing derivatives},
  volume={29},
  pages={417--427},
  year={1998}
}

@article{heston1993closed,
  title={A closed-form solution for options with stochastic volatility with applications to bond and currency options},
  author={Heston, Steven L},
  journal={The review of financial studies},
  volume={6},
  number={2},
  pages={327--343},
  year={1993},
  publisher={Oxford University Press},
  keywords = "models"
}